<?xml version="1.0" encoding="UTF-8"?><record xmlns="http://www.loc.gov/MARC21/slim" xmlns:cinclude="http://apache.org/cocoon/include/1.0" xmlns:zs="http://www.loc.gov/zing/srw/">
  <leader>00394nz  a2200133n  4500</leader>
  <controlfield tag="001">n 2002071374</controlfield>
  <controlfield tag="003">DLC</controlfield>
  <controlfield tag="005">20020807103957.0</controlfield>
  <controlfield tag="008">020807n| acannaabn          |a aaa      </controlfield>
  <datafield tag="010" ind1=" " ind2=" ">
    <subfield code="a">n 2002071374</subfield>
  </datafield>
  <datafield tag="040" ind1=" " ind2=" ">
    <subfield code="a">DLC</subfield>
    <subfield code="b">eng</subfield>
    <subfield code="c">DLC</subfield>
  </datafield>
  <datafield tag="100" ind1="1" ind2=" ">
    <subfield code="a">Freimane, Ērika,</subfield>
    <subfield code="d">1911-1960.</subfield>
    <subfield code="t">Choral music</subfield>
  </datafield>
  <datafield tag="400" ind1="1" ind2=" ">
    <subfield code="a">Freimane, Ērika,</subfield>
    <subfield code="d">1911-1960.</subfield>
    <subfield code="t">Dziesmas koŗiem</subfield>
  </datafield>
  <datafield tag="670" ind1=" " ind2=" ">
    <subfield code="a">Freimane, Ērika. Dziesmas koŗiem, 1968</subfield>
  </datafield>
</record>